<record><leader>00000cas a22000007a 4500</leader><controlfield tag="001">13515875</controlfield><controlfield tag="008">860501d18821882wiudr ne      0    0eng d</controlfield><datafield ind1=" " ind2=" " tag="010"><subfield code="a">sn 86086450 </subfield></datafield><datafield ind1=" " ind2=" " tag="040"><subfield code="a">NPV</subfield><subfield code="b">eng</subfield><subfield code="c">NPV</subfield><subfield code="d">OCLCQ</subfield></datafield><datafield ind1=" " ind2=" " tag="042"><subfield code="a">msc</subfield></datafield><datafield ind1="0" ind2=" " tag="130"><subfield code="a">Daily times (Neenah, Wis.)</subfield></datafield><datafield ind1="1" ind2="4" tag="245"><subfield code="a">The daily times.</subfield></datafield><datafield ind1=" " ind2=" " tag="260"><subfield code="a">Neenah, Wis. :</subfield><subfield code="b">J.N. Stone</subfield></datafield><datafield ind1=" " ind2=" " tag="300"><subfield code="a">v.</subfield></datafield><datafield ind1=" " ind2=" " tag="310"><subfield code="a">Daily</subfield></datafield><datafield ind1="1" ind2=" " tag="362"><subfield code="a">Began with Aug. 7, 1882 issue; ceased with Aug. 9, 1882 issue?</subfield></datafield><datafield ind1=" " ind2=" " tag="588"><subfield code="a">Description based on: Vol. 1, no. 2 (Aug. 8, 1882).</subfield></datafield><datafield ind1=" " ind2=" " tag="752"><subfield code="a">United States</subfield><subfield code="b">Wisconsin</subfield><subfield code="c">Winnebago</subfield><subfield code="d">Neenah.</subfield></datafield><datafield ind1="0" ind2="0" tag="785"><subfield code="t">Neenah daily times</subfield><subfield code="w">(DLC)sn 86086451</subfield></datafield></record>